[gd_scene load_steps=6 format=2]

[ext_resource path="res://Assets/Tilesheet/monochrome_transparent.png" type="Texture" id=1]
[ext_resource path="res://Entities/Enemies/Bat/Bat.gd" type="Script" id=2]

[sub_resource type="CircleShape2D" id=1]
radius = 12.0234

[sub_resource type="CapsuleShape2D" id=2]
radius = 13.25
height = 14.0

[sub_resource type="Animation" id=3]
resource_name = "fly"
length = 0.5
loop = true
step = 0.25
tracks/0/type = "value"
tracks/0/path = NodePath("WingRight:rotation_degrees")
tracks/0/interp = 1
tracks/0/loop_wrap = true
tracks/0/imported = false
tracks/0/enabled = true
tracks/0/keys = {
"times": PoolRealArray( 0, 0.25, 0.5 ),
"transitions": PoolRealArray( 1, 1, 1 ),
"update": 0,
"values": [ -10.0, 10.0, -10.0 ]
}
tracks/1/type = "value"
tracks/1/path = NodePath("WingLeft:rotation_degrees")
tracks/1/interp = 1
tracks/1/loop_wrap = true
tracks/1/imported = false
tracks/1/enabled = true
tracks/1/keys = {
"times": PoolRealArray( 0, 0.25, 0.5 ),
"transitions": PoolRealArray( 1, 1, 1 ),
"update": 0,
"values": [ 10.0, -10.0, 10.0 ]
}

[node name="Bat" type="KinematicBody2D"]
collision_layer = 2
collision_mask = 3
script = ExtResource( 2 )

[node name="Timer" type="Timer" parent="."]
wait_time = 0.4
one_shot = true

[node name="Body" type="Sprite" parent="."]
modulate = Color( 0.654902, 0.270588, 0.941176, 1 )
scale = Vector2( 4, 3 )
texture = ExtResource( 1 )
vframes = 22
hframes = 144
frame = 1231

[node name="WingRight" type="Sprite" parent="."]
modulate = Color( 0.654902, 0.270588, 0.941176, 1 )
position = Vector2( -2, 0 )
rotation = -0.174533
scale = Vector2( 3, 3 )
texture = ExtResource( 1 )
offset = Vector2( 6.66667, 0 )
vframes = 22
hframes = 144
frame = 1232

[node name="WingLeft" type="Sprite" parent="."]
modulate = Color( 0.654902, 0.270588, 0.941176, 1 )
position = Vector2( 2, 0 )
rotation = 0.174533
scale = Vector2( 3, 3 )
texture = ExtResource( 1 )
offset = Vector2( -6.66667, 0 )
vframes = 22
hframes = 144
frame = 1230

[node name="Physics" type="CollisionShape2D" parent="."]
shape = SubResource( 1 )

[node name="Hitbox" type="Area2D" parent="."]
monitorable = false
collision_layer = 0
collision_mask = 9

[node name="CollisionShape2D" type="CollisionShape2D" parent="Hitbox"]
rotation = 1.5708
shape = SubResource( 2 )

[node name="AnimationPlayer" type="AnimationPlayer" parent="."]
anims/fly = SubResource( 3 )

[node name="VisibilityNotifier2D" type="VisibilityNotifier2D" parent="."]
[connection signal="body_entered" from="Hitbox" to="." method="_on_Hitbox_body_entered"]
[connection signal="screen_exited" from="VisibilityNotifier2D" to="." method="_on_VisibilityNotifier2D_screen_exited"]
