[gd_scene load_steps=11 format=2]

[ext_resource path="res://Menus/Title_Screen/Main_Menu.gd" type="Script" id=1]
[ext_resource path="res://Assets/Fonts/phatone/Phatone-Regular.otf" type="DynamicFontData" id=2]
[ext_resource path="res://Menus/Title_Screen/Buttons/Start_Game.tscn" type="PackedScene" id=3]
[ext_resource path="res://Menus/Title_Screen/Buttons/Credits.tscn" type="PackedScene" id=4]
[ext_resource path="res://Menus/Title_Screen/Buttons/Exit.tscn" type="PackedScene" id=5]

[sub_resource type="StyleBoxFlat" id=1]
bg_color = Color( 0.101961, 0.101961, 0.101961, 1 )

[sub_resource type="DynamicFont" id=2]
size = 64
outline_color = Color( 0, 0, 0, 1 )
font_data = ExtResource( 2 )

[sub_resource type="Theme" id=3]

[sub_resource type="StyleBoxEmpty" id=4]

[sub_resource type="StyleBoxEmpty" id=5]

[node name="Title_Screen" type="Control"]
anchor_right = 1.0
anchor_bottom = 1.0
mouse_filter = 2
script = ExtResource( 1 )
__meta__ = {
"_edit_use_anchors_": false
}

[node name="Background" type="Panel" parent="."]
visible = false
margin_right = 1280.0
margin_bottom = 720.0
mouse_filter = 2
custom_styles/panel = SubResource( 1 )
__meta__ = {
"_edit_use_anchors_": false
}

[node name="Tween" type="Tween" parent="."]
pause_mode = 2

[node name="Menu" type="VBoxContainer" parent="."]
margin_left = 120.0
margin_top = 80.0
margin_right = 1200.0
margin_bottom = 640.0
mouse_filter = 2
size_flags_horizontal = 3
size_flags_vertical = 3
alignment = 1
__meta__ = {
"_edit_use_anchors_": false
}

[node name="Title" type="Label" parent="Menu"]
margin_right = 1080.0
margin_bottom = 160.0
custom_fonts/font = SubResource( 2 )
custom_colors/font_color_shadow = Color( 0, 0, 0, 1 )
custom_constants/shadow_offset_x = 10
custom_constants/shadow_offset_y = 10
text = "T.U.I. Gun"
align = 1

[node name="CenterRow" type="HBoxContainer" parent="Menu"]
margin_top = 164.0
margin_right = 1080.0
margin_bottom = 560.0
mouse_filter = 2
size_flags_vertical = 3
alignment = 1

[node name="Buttons" type="VBoxContainer" parent="Menu/CenterRow"]
margin_right = 1080.0
margin_bottom = 396.0
focus_mode = 2
mouse_filter = 2
size_flags_horizontal = 3
size_flags_vertical = 3
theme = SubResource( 3 )
custom_constants/separation = 20
alignment = 1

[node name="Start_Game" parent="Menu/CenterRow/Buttons" instance=ExtResource( 3 )]
margin_top = 82.0
margin_right = 1080.0
margin_bottom = 146.0
focus_mode = 0
custom_styles/focus = SubResource( 4 )
shortcut_in_tooltip = false

[node name="Credits" parent="Menu/CenterRow/Buttons" instance=ExtResource( 4 )]
margin_top = 166.0
margin_right = 1080.0
margin_bottom = 230.0
focus_mode = 0
custom_styles/focus = SubResource( 5 )
shortcut_in_tooltip = false

[node name="Exit" parent="Menu/CenterRow/Buttons" instance=ExtResource( 5 )]
margin_top = 250.0
margin_right = 1080.0
margin_bottom = 314.0
focus_mode = 0

[node name="Panel" type="Panel" parent="."]
mouse_filter = 2
custom_styles/panel = SubResource( 1 )
__meta__ = {
"_edit_use_anchors_": false
}
[connection signal="visibility_changed" from="." to="." method="_on_Title_Screen_visibility_changed"]
[connection signal="tween_all_completed" from="Tween" to="." method="_on_Tween_tween_all_completed"]
