[gd_scene load_steps=6 format=2]

[ext_resource path="res://Entities/Guns/C4/Bomb.gd" type="Script" id=1]
[ext_resource path="res://Assets/Tilesheet/monochrome_transparent.png" type="Texture" id=2]

[sub_resource type="RectangleShape2D" id=1]
extents = Vector2( 4.5, 6.25 )

[sub_resource type="CircleShape2D" id=2]
radius = 18.7376

[sub_resource type="Animation" id=3]
length = 1.5
step = 0.025
tracks/0/type = "value"
tracks/0/path = NodePath("Sprite:modulate")
tracks/0/interp = 1
tracks/0/loop_wrap = true
tracks/0/imported = false
tracks/0/enabled = true
tracks/0/keys = {
"times": PoolRealArray( 0, 0.3, 0.6, 0.8, 1, 1.1, 1.2, 1.25, 1.3, 1.35, 1.4, 1.425, 1.45, 1.5 ),
"transitions": PoolRealArray( 1, 1, 1, 1, 1, 1, 1, 1, 1, 1, 1, 1, 1, 1 ),
"update": 0,
"values": [ Color( 0.788235, 0.133333, 0.133333, 1 ), Color( 1, 1, 1, 1 ), Color( 0.788235, 0.133333, 0.133333, 1 ), Color( 1, 1, 1, 1 ), Color( 0.788235, 0.133333, 0.133333, 1 ), Color( 1, 1, 1, 1 ), Color( 0.788235, 0.133333, 0.133333, 1 ), Color( 1, 1, 1, 1 ), Color( 0.788235, 0.133333, 0.133333, 1 ), Color( 1, 1, 1, 1 ), Color( 0.788235, 0.133333, 0.133333, 1 ), Color( 1, 1, 1, 1 ), Color( 0.788235, 0.133333, 0.133333, 1 ), Color( 1, 1, 1, 1 ) ]
}

[node name="Bomb" type="Node2D"]
scale = Vector2( 4, 4 )
script = ExtResource( 1 )

[node name="Sprite" type="Sprite" parent="."]
modulate = Color( 0.788235, 0.133333, 0.133333, 1 )
texture = ExtResource( 2 )
vframes = 22
hframes = 48
frame = 478

[node name="Sticky" type="Area2D" parent="."]
monitorable = false
collision_layer = 0
collision_mask = 2

[node name="CollisionShape2D" type="CollisionShape2D" parent="Sticky"]
shape = SubResource( 1 )

[node name="Hitbox" type="Area2D" parent="."]
monitorable = false
collision_layer = 0
collision_mask = 2

[node name="CollisionShape2D" type="CollisionShape2D" parent="Hitbox"]
shape = SubResource( 2 )
disabled = true

[node name="CPUParticles2D" type="CPUParticles2D" parent="."]
modulate = Color( 1, 0.137255, 0.137255, 1 )
emitting = false
amount = 40
lifetime = 0.5
one_shot = true
explosiveness = 0.7
spread = 180.0
gravity = Vector2( 0, 0 )
initial_velocity = 50.0

[node name="AnimationPlayer" type="AnimationPlayer" parent="."]
anims/explosion = SubResource( 3 )

[node name="Lifetime" type="Timer" parent="."]
wait_time = 0.5
one_shot = true
[connection signal="body_entered" from="Sticky" to="." method="_on_Sticky_body_entered"]
[connection signal="body_entered" from="Hitbox" to="." method="_on_Hitbox_body_entered"]
[connection signal="animation_finished" from="AnimationPlayer" to="." method="_on_AnimationPlayer_animation_finished"]
[connection signal="timeout" from="Lifetime" to="." method="_on_Lifetime_timeout"]
