[gd_scene load_steps=5 format=2]

[ext_resource path="res://Map/Base_Room/Base_Room.tscn" type="PackedScene" id=1]
[ext_resource path="res://Entities/Enemies/Squid/Squid.tscn" type="PackedScene" id=2]
[ext_resource path="res://Entities/Enemies/Bat/Bat.tscn" type="PackedScene" id=3]
[ext_resource path="res://Util/Sprite.tscn" type="PackedScene" id=4]

[node name="Test_Room" instance=ExtResource( 1 )]

[node name="Walls" parent="." index="0"]
modulate = Color( 0.529412, 0.952941, 0.972549, 1 )

[node name="Ornaments" type="Node2D" parent="." index="1"]
modulate = Color( 0.627451, 0.901961, 0.976471, 0.670588 )
position = Vector2( 519.452, 379.726 )
scale = Vector2( 4, 4 )

[node name="Sprite" parent="Ornaments" index="0" instance=ExtResource( 4 )]
position = Vector2( 137.016, -60.7275 )
frame = 2

[node name="Sprite2" parent="Ornaments" index="1" instance=ExtResource( 4 )]
position = Vector2( -23.8018, -58.2226 )
frame = 2

[node name="Sprite3" parent="Ornaments" index="2" instance=ExtResource( 4 )]
position = Vector2( -85.4236, 0.894234 )
frame = 2

[node name="Sprite4" parent="Ornaments" index="3" instance=ExtResource( 4 )]
position = Vector2( 4.75461, 48.4883 )
frame = 2

[node name="Sprite5" parent="Ornaments" index="4" instance=ExtResource( 4 )]
position = Vector2( 84.412, 9.41107 )
frame = 2

[node name="Sprite6" parent="Ornaments" index="5" instance=ExtResource( 4 )]
position = Vector2( 136.515, 44.9814 )
frame = 2

[node name="Bat" parent="Enemies" index="0" instance=ExtResource( 3 )]
position = Vector2( 317.971, 298.002 )

[node name="Bat2" parent="Enemies" index="1" instance=ExtResource( 3 )]
position = Vector2( 986.715, 338.779 )

[node name="Squid" parent="Enemies" index="2" instance=ExtResource( 2 )]
position = Vector2( 210.252, 573.739 )

[node name="Squid2" parent="Enemies" index="3" instance=ExtResource( 2 )]
position = Vector2( 1101.15, 203.125 )
