[gd_scene load_steps=6 format=2]

[ext_resource path="res://Util/Sprite.tscn" type="PackedScene" id=1]
[ext_resource path="res://Entities/Enemies/Bear/Bear.tscn" type="PackedScene" id=2]
[ext_resource path="res://Entities/Enemies/Bat/Bat.tscn" type="PackedScene" id=3]
[ext_resource path="res://Map/Base_Room/Base_Room.tscn" type="PackedScene" id=4]
[ext_resource path="res://Entities/Enemies/Bee/Bee.tscn" type="PackedScene" id=5]

[node name="Test_Room" instance=ExtResource( 4 )]

[node name="Walls" parent="." index="0"]
modulate = Color( 0.101961, 0.443137, 0.0352941, 1 )

[node name="Ornaments" type="Node2D" parent="." index="1"]
modulate = Color( 0.0823529, 0.482353, 0, 0.811765 )
position = Vector2( -1.6438, 0 )

[node name="Sprite" parent="Ornaments" index="0" instance=ExtResource( 1 )]
position = Vector2( 236.712, 210.411 )
scale = Vector2( 6, 6 )
frame = 100

[node name="Sprite2" parent="Ornaments" index="1" instance=ExtResource( 1 )]
position = Vector2( 992.876, 203.835 )
scale = Vector2( 6, 6 )
frame = 100

[node name="Sprite3" parent="Ornaments" index="2" instance=ExtResource( 1 )]
position = Vector2( 1002.74, 488.219 )
scale = Vector2( 6, 6 )
frame = 100

[node name="Sprite4" parent="Ornaments" index="3" instance=ExtResource( 1 )]
position = Vector2( 290.958, 524.383 )
scale = Vector2( 6, 6 )
frame = 100

[node name="Bear" parent="Enemies" index="0" instance=ExtResource( 2 )]
position = Vector2( 108.497, 98.6295 )

[node name="Bat" parent="Enemies" index="1" instance=ExtResource( 3 )]
position = Vector2( 879.575, 248.919 )

[node name="Bat2" parent="Enemies" index="2" instance=ExtResource( 3 )]
position = Vector2( 443.668, 413.377 )

[node name="Bee" parent="Enemies" index="3" instance=ExtResource( 5 )]
position = Vector2( 1111.84, 591.557 )
