[gd_scene load_steps=6 format=2]

[ext_resource path="res://Assets/Tilesheet/monochrome_transparent.png" type="Texture" id=1]
[ext_resource path="res://Entities/Guns/Boomerang/BoomerangProjectile.gd" type="Script" id=2]

[sub_resource type="Curve2D" id=1]
_data = {
"points": PoolVector2Array( 0, 0, 0, 0, 0, 0, 0.370039, -372.084, -0.370039, 372.084, 384, 0, 0, 0, 0, 0, 0, 0 )
}

[sub_resource type="CircleShape2D" id=2]
radius = 45.0

[sub_resource type="Animation" id=3]
resource_name = "spin"
length = 0.5
loop = true
tracks/0/type = "value"
tracks/0/path = NodePath("Path2D/PathFollow2D/Sprite:rotation_degrees")
tracks/0/interp = 1
tracks/0/loop_wrap = true
tracks/0/imported = false
tracks/0/enabled = true
tracks/0/keys = {
"times": PoolRealArray( 0, 0.5 ),
"transitions": PoolRealArray( 1, 1 ),
"update": 0,
"values": [ 0.0, 360.0 ]
}

[node name="BoomerangProjectile" type="Node2D"]
script = ExtResource( 2 )

[node name="Path2D" type="Path2D" parent="."]
curve = SubResource( 1 )

[node name="PathFollow2D" type="PathFollow2D" parent="Path2D"]
rotation = -0.575184
rotate = false

[node name="Sprite" type="Sprite" parent="Path2D/PathFollow2D"]
modulate = Color( 0.215686, 0.6, 0.639216, 1 )
scale = Vector2( 5, 5 )
texture = ExtResource( 1 )
offset = Vector2( -3, -1 )
vframes = 22
hframes = 48
frame = 1031

[node name="Area2D" type="Area2D" parent="Path2D/PathFollow2D"]
collision_layer = 2147483656
collision_mask = 2147483654

[node name="CollisionShape2D" type="CollisionShape2D" parent="Path2D/PathFollow2D/Area2D"]
shape = SubResource( 2 )

[node name="AnimationPlayer" type="AnimationPlayer" parent="."]
autoplay = "spin"
anims/spin = SubResource( 3 )

[node name="Tween" type="Tween" parent="."]
[connection signal="body_entered" from="Path2D/PathFollow2D/Area2D" to="." method="_on_Area2D_body_entered"]
[connection signal="tween_all_completed" from="Tween" to="." method="_on_Tween_tween_all_completed"]
[connection signal="tween_completed" from="Tween" to="." method="_on_Tween_tween_completed"]
