[gd_scene load_steps=7 format=2]

[ext_resource path="res://Menus/Title_Screen/Buttons/Start_Game.gd" type="Script" id=1]
[ext_resource path="res://Assets/Tilesheet/monochrome_transparent.png" type="Texture" id=2]
[ext_resource path="res://Managers/Tutorial_Manager/Tutorial_Manager.tscn" type="PackedScene" id=3]

[sub_resource type="DynamicFontData" id=1]
font_path = "res://Assets/Fonts/phatone/Phatone-Regular.otf"

[sub_resource type="DynamicFont" id=2]
size = 32
font_data = SubResource( 1 )

[sub_resource type="Animation" id=3]
resource_name = "Button_Hover"
length = 1.3
loop = true
tracks/0/type = "value"
tracks/0/path = NodePath(".:frame")
tracks/0/interp = 1
tracks/0/loop_wrap = true
tracks/0/imported = false
tracks/0/enabled = true
tracks/0/keys = {
"times": PoolRealArray( 0, 0.3, 0.6, 0.9 ),
"transitions": PoolRealArray( 1, 3.24901, 1, 1 ),
"update": 1,
"values": [ 355, 356, 355, 356 ]
}

[node name="Start_Game" type="Button"]
margin_right = 12.0
margin_bottom = 20.0
rect_min_size = Vector2( 720, 64 )
size_flags_horizontal = 3
flat = true
script = ExtResource( 1 )
__meta__ = {
"_edit_use_anchors_": false
}
scene_to_load = ExtResource( 3 )

[node name="Label" type="Label" parent="."]
anchor_right = 1.0
anchor_bottom = 1.0
focus_mode = 2
mouse_filter = 1
custom_fonts/font = SubResource( 2 )
custom_colors/font_color = Color( 1, 1, 1, 1 )
custom_colors/font_color_shadow = Color( 0, 0, 0, 1 )
custom_constants/shadow_offset_x = 5
custom_constants/shadow_offset_y = 5
text = "Start Game"
align = 1
valign = 1
__meta__ = {
"_edit_use_anchors_": false
}

[node name="Char_Hover" type="Sprite" parent="."]
visible = false
modulate = Color( 0, 1, 0, 1 )
position = Vector2( 328, 0 )
scale = Vector2( 4, 4 )
z_index = 1
texture = ExtResource( 2 )
offset = Vector2( 0, 8 )
vframes = 22
hframes = 48
frame = 355

[node name="AnimationPlayer" type="AnimationPlayer" parent="Char_Hover"]
playback_speed = 0.8
anims/Button_Hover = SubResource( 3 )
[connection signal="focus_entered" from="Label" to="." method="_on_Label_focus_entered"]
[connection signal="focus_exited" from="Label" to="." method="_on_Label_focus_exited"]
[connection signal="mouse_entered" from="Label" to="." method="_on_Label_mouse_entered"]
[connection signal="mouse_exited" from="Label" to="." method="_on_Label_mouse_exited"]
